<record><leader>00000cas a22000007a 4500</leader><controlfield tag="001">7750916</controlfield><controlfield tag="008">810910d18471849tnuwx ne      0    0eng d</controlfield><datafield ind1=" " ind2=" " tag="010"><subfield code="a">sn 96091061 </subfield></datafield><datafield ind1=" " ind2=" " tag="040"><subfield code="a">TNS</subfield><subfield code="b">eng</subfield><subfield code="c">TNS</subfield><subfield code="d">TGN</subfield><subfield code="d">OCL</subfield><subfield code="d">OCLCG</subfield><subfield code="d">OCLCO</subfield></datafield><datafield ind1=" " ind2=" " tag="042"><subfield code="a">msc</subfield></datafield><datafield ind1=" " ind2=" " tag="043"><subfield code="a">n-us-tn</subfield></datafield><datafield ind1=" " ind2=" " tag="090"><subfield code="a">JK2326</subfield><subfield code="b">.R6</subfield></datafield><datafield ind1="0" ind2=" " tag="130"><subfield code="a">Rough and ready (Nashville, Tenn.)</subfield></datafield><datafield ind1="0" ind2="0" tag="245"><subfield code="a">Rough and ready.</subfield></datafield><datafield ind1=" " ind2=" " tag="260"><subfield code="a">Nashville [Tenn.] :</subfield><subfield code="b">W.F. Bang,</subfield><subfield code="c">1847-1849.</subfield></datafield><datafield ind1=" " ind2=" " tag="300"><subfield code="a">no. :</subfield><subfield code="b">ill. ;</subfield><subfield code="c">30 cm.</subfield></datafield><datafield ind1=" " ind2=" " tag="310"><subfield code="a">Weekly, during Whig campaign period.</subfield></datafield><datafield ind1="0" ind2=" " tag="362"><subfield code="a">No. 1 (Apr. 8, 1847)-no. 15 (Sept. 3, 1847); No. 1 (July 1, 1848)-no. 16 (Feb. 6, 1849);      -no. 2 (June 9, 1849).</subfield></datafield><datafield ind1="1" ind2="0" tag="600"><subfield code="a">Taylor, Zachary,</subfield><subfield code="d">1784-1850.</subfield></datafield><datafield ind1="1" ind2="0" tag="600"><subfield code="a">Brown, Neill Smith,</subfield><subfield code="d">1810-1886.</subfield></datafield><datafield ind1="2" ind2="0" tag="610"><subfield code="a">Whig Party (Tenn.)</subfield></datafield><datafield ind1=" " ind2="0" tag="650"><subfield code="a">Campaign literature, 1847</subfield><subfield code="x">Whig</subfield><subfield code="z">Tennessee.</subfield></datafield><datafield ind1=" " ind2="0" tag="650"><subfield code="a">Campaign literature, 1848</subfield><subfield code="x">Whig</subfield><subfield code="z">Tennessee.</subfield></datafield><datafield ind1=" " ind2="0" tag="650"><subfield code="a">Campaign literature, 1849</subfield><subfield code="x">Whig</subfield><subfield code="z">Tennessee.</subfield></datafield><datafield ind1=" " ind2="0" tag="651"><subfield code="a">Nashville (Tenn.)</subfield><subfield code="v">Newspapers.</subfield></datafield><datafield ind1=" " ind2="0" tag="651"><subfield code="a">Davidson County (Tenn.)</subfield><subfield code="v">Newspapers.</subfield></datafield><datafield ind1=" " ind2=" " tag="752"><subfield code="a">United States</subfield><subfield code="b">Tennessee</subfield><subfield code="c">Davidson</subfield><subfield code="d">Nashville.</subfield></datafield></record>